@book{burbano2003fisica,
  title={Física general},
  author={Burbano, Santiago},
  year={2003},
  pages = "316",
  publisher={Editorial Tebar}
}

@misc{vdewar,
   title = {Vaso Dewar},
   howpublished = "\url{https://es.wikipedia.org/wiki/Vaso_Dewar}",
   note = "[Web; accedido el 29-03-2021]"
 }

@misc{detcasol,
 title = {Determinación del calor específico de un sólido},
 howpublished = "\url{http://www.sc.ehu.es/sbweb/fisica/estadistica/otros/calorimetro/calorimetro.htm}",
 note = "[Web; accedido el 02-04-2021]"
}

@misc{calesp,
 title = {Calor específico},
 howpublished = "\url{https://es.wikipedia.org/wiki/Calor_espec%C3%ADfico}",
 note = "[Web; accedido el 30-03-2021]"
}

@misc{campusal,
 title = {campus.usal.es/~quimfis/apoyo/Cachaza/Personal/practicas/CALORIMETRIA},
 howpublished = "\url{campus.usal.es/~quimfis/apoyo/Cachaza/Personal/practicas/CALORIMETRIA}",
 note = "[Web; accedido el 29-03-2021]"
}

@book{key,
  title          = {Práctica 5: Calorimetría},
  year           = {Curso 2020-21}
}